{
  "leader": "01731cam a2200409Ii 4500",
  "fields": [
    {
      "001": "ocm00826439\\"
    },
    {
      "003": "OCoLC"
    },
    {
      "005": "20220630111800.0"
    },
    {
      "008": "740311s1943\\\\\\\\mnu\\\\\\\\\\\\b\\\\\\\\000\\0\\eng\\c"
    },
    {
      "010": {
        "ind1": "\\",
        "ind2": "\\",
        "subfields": [
          {
            "a": "a  43003794 "
          }
        ]
      }
    },
    {
      "040": {
        "ind1": "\\",
        "ind2": "\\",
        "subfields": [
          {
            "a": "Minnnesota Univ. Libr."
          },
          {
            "b": "eng"
          },
          {
            "c": "RGC"
          },
          {
            "d": "FDA"
          },
          {
            "d": "OCLCQ"
          },
          {
            "d": "STF"
          },
          {
            "d": "OCLCF"
          },
          {
            "d": "OCLCQ"
          },
          {
            "d": "OCLCO"
          },
          {
            "d": "YDXCP"
          },
          {
            "d": "OCLCA"
          },
          {
            "d": "OCLCO"
          }
        ]
      }
    },
    {
      "035": {
        "ind1": "\\",
        "ind2": "\\",
        "subfields": [
          {
            "a": "(OCoLC)826439"
          }
        ]
      }
    },
    {
      "043": {
        "ind1": "\\",
        "ind2": "\\",
        "subfields": [
          {
            "a": "n-us-mn"
          }
        ]
      }
    },
    {
      "050": {
        "ind1": "0",
        "ind2": "4",
        "subfields": [
          {
            "a": "LD3356"
          },
          {
            "b": ".W5"
          }
        ]
      }
    },
    {
      "082": {
        "ind1": "0",
        "ind2": "4",
        "subfields": [
          {
            "a": "378"
          },
          {
            "b": "WIL"
          }
        ]
      }
    },
    {
      "100": {
        "ind1": "1",
        "ind2": "\\",
        "subfields": [
          {
            "a": "Williams, Cornelia DeCamp Taylor,"
          },
          {
            "d": "1907-"
          }
        ]
      }
    },
    {
      "245": {
        "ind1": "1",
        "ind2": "0",
        "subfields": [
          {
            "a": "These we teach :"
          },
          {
            "b": "a study of General College students /"
          },
          {
            "c": "by Cornelia T. Williams."
          }
        ]
      }
    },
    {
      "260": {
        "ind1": "\\",
        "ind2": "\\",
        "subfields": [
          {
            "a": "Minneapolis :"
          },
          {
            "b": "University of Minnesota Press,"
          },
          {
            "c": "[1943]"
          }
        ]
      }
    },
    {
      "300": {
        "ind1": "\\",
        "ind2": "\\",
        "subfields": [
          {
            "a": "xiii, 188 pages ;"
          },
          {
            "c": "24 cm."
          }
        ]
      }
    },
    {
      "336": {
        "ind1": "\\",
        "ind2": "\\",
        "subfields": [
          {
            "a": "text"
          },
          {
            "b": "txt"
          },
          {
            "2": "rdacontent"
          }
        ]
      }
    },
    {
      "337": {
        "ind1": "\\",
        "ind2": "\\",
        "subfields": [
          {
            "a": "unmediated"
          },
          {
            "b": "n"
          },
          {
            "2": "rdamedia"
          }
        ]
      }
    },
    {
      "338": {
        "ind1": "\\",
        "ind2": "\\",
        "subfields": [
          {
            "a": "volume"
          },
          {
            "b": "nc"
          },
          {
            "2": "rdacarrier"
          }
        ]
      }
    },
    {
      "490": {
        "ind1": "1",
        "ind2": "\\",
        "subfields": [
          {
            "a": "University of Minnesota studies of general education"
          }
        ]
      }
    },
    {
      "504": {
        "ind1": "\\",
        "ind2": "\\",
        "subfields": [
          {
            "a": "Includes bibliographical references."
          }
        ]
      }
    },
    {
      "650": {
        "ind1": "\\",
        "ind2": "0",
        "subfields": [
          {
            "a": "College students"
          },
          {
            "z": "Minnesota."
          }
        ]
      }
    },
    {
      "650": {
        "ind1": "\\",
        "ind2": "0",
        "subfields": [
          {
            "a": "Counseling in higher education."
          }
        ]
      }
    },
    {
      "610": {
        "ind1": "2",
        "ind2": "0",
        "subfields": [
          {
            "a": "University of Minnesota."
          },
          {
            "b": "General College"
          },
          {
            "x": "Students."
          }
        ]
      }
    },
    {
      "610": {
        "ind1": "2",
        "ind2": "7",
        "subfields": [
          {
            "a": "University of Minnesota."
          },
          {
            "b": "General College."
          },
          {
            "2": "fast"
          },
          {
            "0": "(OCoLC)fst01659393"
          }
        ]
      }
    },
    {
      "650": {
        "ind1": "\\",
        "ind2": "7",
        "subfields": [
          {
            "a": "College students."
          },
          {
            "2": "fast"
          },
          {
            "0": "(OCoLC)fst00867976"
          }
        ]
      }
    },
    {
      "650": {
        "ind1": "\\",
        "ind2": "7",
        "subfields": [
          {
            "a": "Counseling in higher education."
          },
          {
            "2": "fast"
          },
          {
            "0": "(OCoLC)fst00881262"
          }
        ]
      }
    },
    {
      "650": {
        "ind1": "\\",
        "ind2": "7",
        "subfields": [
          {
            "a": "Students."
          },
          {
            "2": "fast"
          },
          {
            "0": "(OCoLC)fst01136041"
          }
        ]
      }
    },
    {
      "651": {
        "ind1": "\\",
        "ind2": "7",
        "subfields": [
          {
            "a": "Minnesota."
          },
          {
            "2": "fast"
          },
          {
            "0": "(OCoLC)fst01204560"
          }
        ]
      }
    },
    {
      "776": {
        "ind1": "0",
        "ind2": "8",
        "subfields": [
          {
            "i": "Online version:"
          },
          {
            "a": "Williams, Cornelia DeCamp Taylor, 1907-"
          },
          {
            "t": "These we teach."
          },
          {
            "d": "Minneapolis, University of Minnesota Press [1943]"
          },
          {
            "w": "(OCoLC)551248996"
          }
        ]
      }
    },
    {
      "830": {
        "ind1": "\\",
        "ind2": "0",
        "subfields": [
          {
            "a": "University of Minnesota studies of general education."
          }
        ]
      }
    },
    {
      "994": {
        "ind1": "\\",
        "ind2": "\\",
        "subfields": [
          {
            "a": "Z0"
          },
          {
            "b": "NYRVC"
          }
        ]
      }
    },
    {
      "948": {
        "ind1": "\\",
        "ind2": "\\",
        "subfields": [
          {
            "h": "NO HOLDINGS IN NYRVC - 149 OTHER HOLDINGS"
          }
        ]
      }
    },
    {
      "999": {
        "ind1": "\\",
        "ind2": "\\",
        "subfields": [
          {
            "a": "00000000019603"
          }
        ]
      }
    }
  ]
}